@article{	SEYMOUR199322,
			title = {Graph Searching and a Min-Max Theorem for Tree-Width},
			journal = {Journal of Combinatorial Theory, Series B},
			volume = {58},
			number = "1",
			pages = {22 - 33},
			year = "1993",
			issn = "0095-8956",
			doi = "https://doi.org/10.1006/jctb.1993.1027",
			url = "http://www.sciencedirect.com/science/article/pii/S0095895683710270",
			author = {P.D. Seymour and R. Thomas}
}