@inproceedings{	van2016conditional,
				title={Conditional image generation with pixelcnn decoders},
				author={van den Oord, Aaron and Kalchbrenner, Nal and Espeholt, Lasse and Vinyals, Oriol and Graves, Alex and others},
				booktitle={Advances in Neural Information Processing Systems},
				pages={4790--4798},
				year={2016}
}

@article{	van2016wavenet,
			title={Wavenet: A generative model for raw audio},
			author={Van Den Oord, Aaron and Dieleman, Sander and Zen, Heiga and Simonyan, Karen and Vinyals, Oriol and Graves, Alex and Kalchbrenner, Nal and Senior, Andrew and Kavukcuoglu, Koray},
			journal={arXiv preprint arXiv:1609.03499},
			year={2016}
}

@article{	kalchbrenner2016video,
			title={Video pixel networks},
			author={Kalchbrenner, Nal and Oord, Aaron van den and Simonyan, Karen and Danihelka, Ivo and Vinyals, Oriol and Graves, Alex and Kavukcuoglu, Koray},
			journal={arXiv preprint arXiv:1610.00527},
			year={2016}
}

@inproceedings{	oura2012pitch,
				title={Pitch adaptive training for HMM-based singing voice synthesis},
				author={Oura, Keiichiro and Mase, Ayami and Nankaku, Yoshihiko and Tokuda, Keiichi},
				booktitle={Acoustics, Speech and Signal Processing (ICASSP), 2012 IEEE International Conference on},
				pages={5377--5380},
				year={2012},
				organization={IEEE}
}

@article{	blaauw2017neural,
			title={A neural parametric singing synthesizer},
			author={Blaauw, Merlijn and Bonada, Jordi},
			journal={arXiv preprint arXiv:1704.03809},
			year={2017}
}

@inproceedings{	nishimura2016singing,
				title={Singing Voice Synthesis Based on Deep Neural Networks.},
				author={Nishimura, Masanari and Hashimoto, Kei and Oura, Keiichiro and Nankaku, Yoshihiko and Tokuda, Keiichi},
				booktitle={INTERSPEECH},
				pages={2478--2482},
				year={2016}
}

@article{arik2017deep,
	title={Deep voice: Real-time neural text-to-speech},
	author={Arik, Sercan O and Chrzanowski, Mike and Coates, Adam and Diamos, Gregory and Gibiansky, Andrew and Kang, Yongguo and Li, Xian and Miller, John and Ng, Andrew and Raiman, Jonathan and others},
	journal={arXiv preprint arXiv:1702.07825},
	year={2017}
}

@article{arik2017deep2,
	title={Deep voice 2: Multi-speaker neural text-to-speech},
	author={Ar{\i}k, Sercan O and Diamos, Gregory and Gibiansky, Andrew and Miller, John and Peng, Kainan and Ping, Wei and Raiman, Jonathan and Zhou, Yanqi},
	journal={arXiv preprint arXiv:1705.08947},
	year={2017}
}

@inproceedings{ping2018deep,
	title={Deep voice 3: Scaling text-to-speech with convolutional sequence learning},
	author={Ping, Wei and Peng, Kainan and Gibiansky, Andrew and Arik, S and Kannan, Ajay and Narang, Sharan and Raiman, Jonathan and Miller, John},
	booktitle={Proc. 6th International Conference on Learning Representations},
	year={2018}
}

@article{wang2017tacotron,
	title={Tacotron: Towards End-to-End Speech Synthesis},
	author={Wang, Yuxuan and Skerry-Ryan, RJ and Stanton, Daisy and Wu, Yonghui and Weiss, Ron J and Jaitly, Navdeep and Yang, Zongheng and Xiao, Ying and Chen, Zhifeng and Bengio, Samy and others},
	journal={arXiv preprint arXiv:1703.10135},
	year={2017}
}

@article{sotelo2017char2wav,
	title={Char2wav: End-to-end speech synthesis},
	author={Sotelo, Jose and Mehri, Soroush and Kumar, Kundan and Santos, Joao Felipe and Kastner, Kyle and Courville, Aaron and Bengio, Yoshua},
	year={2017}
}

@article{griffin1984signal,
	title={Signal estimation from modified short-time Fourier transform},
	author={Griffin, Daniel and Lim, Jae},
	journal={IEEE Transactions on Acoustics, Speech, and Signal Processing},
	volume={32},
	number={2},
	pages={236--243},
	year={1984},
	publisher={IEEE}
}

@article{morise2016world,
	title={WORLD: a vocoder-based high-quality speech synthesis system for real-time applications},
	author={Morise, Masanori and Yokomori, Fumiya and Ozawa, Kenji},
	journal={IEICE TRANSACTIONS on Information and Systems},
	volume={99},
	number={7},
	pages={1877--1884},
	year={2016},
	publisher={The Institute of Electronics, Information and Communication Engineers}
}

@article{mehri2016samplernn,
	title={SampleRNN: An unconditional end-to-end neural audio generation model},
	author={Mehri, Soroush and Kumar, Kundan and Gulrajani, Ishaan and Kumar, Rithesh and Jain, Shubham and Sotelo, Jose and Courville, Aaron and Bengio, Yoshua},
	journal={arXiv preprint arXiv:1612.07837},
	year={2016}
}
